@article{MalvarS89,
  added-at = {2013-08-22T00:00:00.000+0200},
  author = {Malvar, Henrique S. and Staelin, David H.},
  biburl = {http://www.bibsonomy.org/bibtex/2ed08da979e24c815d146be92e8e159c5/dblp},
  ee = {http://dx.doi.org/10.1109/29.17536},
  interhash = {00aa029a371050c3ad7e0807de77806e},
  intrahash = {ed08da979e24c815d146be92e8e159c5},
  journal = {IEEE Trans. Acoustics, Speech, and Signal Processing},
  keywords = {dblp},
  number = 4,
  pages = {553-559},
  timestamp = {2013-08-23T11:34:31.000+0200},
  title = {The {LOT}: Transform coding without blocking effects.},
  volume = 37,
  year = 1989
}

@article{Tran2003,
  author={Tran, T.D. and Jie Liang and Chengjie Tu},
  journal={Signal Processing, IEEE Transactions on},
  title={Lapped transform via time-domain pre- and post-filtering},
  year={2003},
  month={June},
  volume={51},
  number={6},
  pages={1557-1571},
  doi={10.1109/TSP.2003.811222},
  ISSN={1053-587X},
}

@inproceedings{valin2015spie,
 author = {J.-M. Valin and T. B. Terriberry},
 title = { Perceptual vector quantization for video coding },
 booktitle = {Proceedings of SPIE Visual Information Processing and Communication},
 volume = {9410},
 pages = {941009-941009-11},
 number = {},
 year = {2015},
 note = "\texttt{arXiv:1602.05209 [cs.MM]} \url{http://arxiv.org/abs/1602.05209}"
}

@inproceedings{egge2015spie,
 author = {N. E. Egge. and J.-M. Valin},
 title = { Predicting chroma from luma with frequency domain intra prediction },
 booktitle = {Proceedings of SPIE Visual Information Processing and Communication},
 volume = {9410},
 number = {},
 pages = {941008-941008-10},
 year = {2015},
 note = "\texttt{arXiv:1603.03482 [cs.MM]} \url{http://arxiv.org/abs/1603.03482}"
}

@misc{ValinDeringing,
  author    = {J.-M. Valin},
  title     = {The {Daala} Directional Deringing Filter},
  journal   = {arXiv preprint},
  volume    = {abs/1602.05975},
  year      = {2016},
  howpublished = "\texttt{arXiv:1602.05975 [cs.MM]} \url{http://arxiv.org/abs/1602.05975}",
}

@inproceedings{DaedeDCC,
  author    = {T. J. Daede and N. E. Egge and J.-M. Valin and G. Martres and T. B. Terriberry},
  title     = {{Daala}: A Perceptually-Driven Next Generation Video Codec},
  booktitle   = {Proceedings Data Compression Conference (DCC)},
  year      = {2016},
  howpublished = "\texttt{arXiv:1603.03129 [cs.MM]} \url{http://arxiv.org/abs/1603.03129}",
}

@inproceedings{EggePCS,
  author    = {N. E. Egge and J.-M. Valin and T. B. Terriberry and T. Daede and C. Montgomery},
  title     = {Using {Daala} Intra Frames for Still Picture Coding},
  booktitle   = {Proceedings of Picture Coding Symposium},
  year      = {2015},
}

@misc{derfTools,
  author    = {T. B. Terriberry},
  title     = {Coding Tools for a Next Generation Video Codec},
  journal   = {IETF},
  volume    = {Internet-Draft},
  howpublished = "\url{https://tools.ietf.org/html/draft-terriberry-codingtools-02}",
  year      = {2015},
}

@misc{valinL1TW,
  author    = {Jean-Marc Valin},
  title     = {Screencasting Considerations and {L1}-Tree Wavelet Coding},
  journal   = {IETF},
  volume    = {Internet-Draft},
  howpublished = "\url{https://tools.ietf.org/html/draft-valin-netvc-l1tw-01}",
  year      = {2015},
}

@misc{pcs2015,
  title = "{Picture Coding Symposium} 2015 Feature Event: Evaluation of Current
   and Future Image Compression Technologies",
  howpublished = "\url{http://www.pcs2015.org/}"
}

@inproceedings{stuiver1998piecewise,
  title={Piecewise integer mapping for arithmetic coding},
  author={Stuiver, Lang and Moffat, Alistair},
  booktitle={Data Compression Conference, 1998. DCC'98. Proceedings},
  pages={3--12},
  year={1998},
  organization={IEEE}
}

@misc{Testing-draft,
  author={T. Daede and J. Moffitt},
  title={Video Codec Testing and Quality Measurement},
  journal   = {IETF},
  volume    = {Internet-Draft},
  howpublished = "\url{https://tools.ietf.org/html/draft-daede-netvc-testing}",
  year      = {2015},
}

@misc{deringing-demo,
  author={J.-M. Valin},
  title={A Deringing Filter for Daala... and beyond},
  howpublished="\url{https://people.xiph.org/~jm/daala/deringing_demo/}",
  year={2016}
}

@misc{WebPWebsite,
  title = {Web{P} Website},
  howpublished = "\url{https://developers.google.com/speed/webp/}",
}

@misc{BPGWebsite,
  title = {{BPG} Website},
  howpublished = "\url{http://bellard.org/bpg/}",
}

@inproceedings{Bilateral,
AUTHOR={C. Tomasi and R. Manduchi},
TITLE={Bilateral Filtering for Gray and Color Images},
BOOKTITLE={Proceedings of IEEE International Conference on Computer Vision},
YEAR={1998}
}

@MISC{AWCY,
TITLE={Are We Compressed Yet?},
HOWPUBLISHED="\url{https://arewecompressedyet.com/}"
}

@MISC{Daala-Git,
TITLE="Daala Git repository",
HOWPUBLISHED="\url{http://git.xiph.org/?p=daala.git;a=summary}"
}

@MISC{Daala,
TITLE="Daala Website",
HOWPUBLISHED="\url{http://xiph.org/daala/}"
}

@MISC{Median,
TITLE={Median Filter},
HOWPUBLISHED="\url{https://en.wikipedia.org/wiki/Median_filter}"
}

@ARTICLE{HEVC-SAO,
author={C. M. Fu and E. Alshina and A. Alshin and Y. W. Huang and C. Y. Chen and C. Y. Tsai and C. W. Hsu and S. M. Lei and J. H. Park and W. J. Han},
journal={IEEE Transactions on Circuits and Systems for Video Technology},
title={Sample Adaptive Offset in the {HEVC} Standard},
year={2012},
volume={22},
number={12},
pages={1755-1764},
month={Dec}
}

@article{wang2004image,
  title={Image quality assessment: from error visibility to structural similarity},
  author={Wang, Z. and Bovik, A. C. and Sheikh, H. R. and Simoncelli, E. P.},
  journal={IEEE Transactions on image processing},
  volume={13},
  number={4},
  pages={600--612},
  year={2004},
}

@inproceedings{Midtskogen2017,
  title={INTEGRATING {Thor} TOOLS INTO THE EMERGING {AV1} CODEC},
  author={S. Midtskogen and A. Fuldseth and G. Bjøntegaard and T. Davies},
  booktitle={Proceedings International Conference on Image Processing (ICIP)},
  year="2017"
}

@MISC{AV1-git,
TITLE={{AV1} source code repository},
HOWPUBLISHED="\url{https://aomedia.googlesource.com/aom}"
}

@MISC{Thor-git,
TITLE={Thor source code repository},
HOWPUBLISHED="\url{https://github.com/cisco/thor}"
}

@inproceedings{Bjontegaard2016,
  title={The {Thor} video codec},
  author={G. Bjøntegaard and T. Davies and A. Fuldseth and S. Midtskogen},
  booktitle={Proceedings Data Compression Conference (DCC)},
  year="2016"
}

@article{Davies2016,
  title={Recent improvements to {Thor} with emphasis on perceptual coding tools},
  author={T. Davies and G. Bjøntegaard and A. Fuldseth and S. Midtskogen},
  journal={proc. SPIE 9971, Applications of Digital Image Processing XXXIX},
  year={2016},
  month={September}
}
